@article{AfratiU11,
  author  = {Afrati, Foto N. and Ullman, Jeffrey D.},
  title   = {Optimizing multiway joins in a {Map-Reduce} environment},
  journal = {{IEEE} Trans. Knowl. Data Eng.},
  volume  = {23},
  number  = {9},
  pages   = {1282--1298},
  year    = {2011}
}

@inproceedings{AGGHSKL19,
  author    = {Augustine, John and Ghaffari, Mohsen and Gmyr, Robert and Hinnenthal, Kristian and Scheideler, Christian and Kuhn, Fabian and Li, Jason},
  title     = {Distributed Computation in Node-Capacitated Networks},
  booktitle = {The 31st ACM Symposium on Parallelism in Algorithms and Architectures},
  pages     = {69--79},
  year      = {2019},
  doi       = {10.1145/3323165.3323195},
  source    = {Crossref},
  url       = {https://doi.org/10.1145/3323165.3323195},
  publisher = {ACM},
  month     = jun
}

@inproceedings{AhnGM12,
  author    = {Ahn, Kook Jin and Guha, Sudipto and McGregor, Andrew},
  title     = {Analyzing Graph Structure via Linear Measurements},
  booktitle = {Proceedings of the Twenty-Third Annual ACM-SIAM Symposium on Discrete Algorithms},
  pages     = {459--467},
  year      = {2012},
  doi       = {10.1137/1.9781611973099.40},
  source    = {Crossref},
  url       = {https://doi.org/10.1137/1.9781611973099.40},
  publisher = {Society for Industrial and Applied Mathematics},
  month     = jan
}

@inproceedings{AhnGM12a,
  author    = {Ahn, Kook Jin and Guha, Sudipto and McGregor, Andrew},
  title     = {Analyzing Graph Structure via Linear Measurements},
  booktitle = {Proceedings of the Twenty-Third Annual ACM-SIAM Symposium on Discrete Algorithms},
  pages     = {459--467},
  year      = {2012},
  doi       = {10.1137/1.9781611973099.40},
  source    = {Crossref},
  url       = {https://doi.org/10.1137/1.9781611973099.40},
  publisher = {Society for Industrial and Applied Mathematics},
  month     = jan
}

@inproceedings{AhnGM12b,
  author    = {Ahn, Kook Jin and Guha, Sudipto and McGregor, Andrew},
  title     = {Graph sketches},
  booktitle = {Proceedings of the 31st symposium on Principles of Database Systems - PODS '12},
  pages     = {5--14},
  year      = {2012},
  doi       = {10.1145/2213556.2213560},
  source    = {Crossref},
  url       = {https://doi.org/10.1145/2213556.2213560},
  publisher = {ACM Press},
  subtitle  = {sparsification, spanners, and subgraphs}
}

@article{alon,
  author    = {Alon, N. and Yuster, R. and Zwick, U.},
  title     = {Finding and counting given length cycles},
  journal   = {Algorithmica},
  volume    = {17},
  number    = {3},
  pages     = {209--223},
  year      = {1997},
  doi       = {10.1007/bf02523189},
  source    = {Crossref},
  url       = {https://doi.org/10.1007/bf02523189},
  publisher = {Springer Science and Business Media LLC},
  issn      = {0178-4617, 1432-0541},
  month     = mar
}

@inproceedings{alon12,
  author    = {Alon, Noga and Rubinfeld, Ronitt and Vardi, Shai and Xie, Ning},
  title     = {Space-efficient Local Computation Algorithms},
  booktitle = {Proceedings of the Twenty-Third Annual ACM-SIAM Symposium on Discrete Algorithms},
  pages     = {1132--1139},
  year      = {2012},
  doi       = {10.1137/1.9781611973099.89},
  source    = {Crossref},
  url       = {https://doi.org/10.1137/1.9781611973099.89},
  publisher = {Society for Industrial and Applied Mathematics},
  month     = jan
}

@article{alonBabai,
  author    = {Alon, Noga and Babai, László and Itai, Alon},
  title     = {A fast and simple randomized parallel algorithm for the maximal independent set problem},
  journal   = {J. Algorithm.},
  volume    = {7},
  number    = {4},
  pages     = {567--583},
  year      = {1986},
  doi       = {10.1016/0196-6774(86)90019-2},
  source    = {Crossref},
  url       = {https://doi.org/10.1016/0196-6774(86)90019-2},
  publisher = {Elsevier BV},
  issn      = {0196-6774},
  month     = dec
}

@article{aluru,
  author    = {Jain, Chirag and Flick, Patrick and Pan, Tony and Green, Oded and Aluru, Srinivas},
  title     = {An Adaptive Parallel Algorithm for Computing Connected Components},
  journal   = {IEEE Trans. Parallel Distrib. Syst.},
  volume    = {28},
  number    = {9},
  pages     = {2428--2439},
  year      = {2017},
  doi       = {10.1109/tpds.2017.2672739},
  source    = {Crossref},
  url       = {https://doi.org/10.1109/tpds.2017.2672739},
  publisher = {Institute of Electrical and Electronics Engineers (IEEE)},
  issn      = {1045-9219},
  month     = sep
}

@inproceedings{andoni,
  author    = {Andoni, Alexandr and Nikolov, Aleksandar and Onak, Krzysztof and Yaroslavtsev, Grigory},
  title     = {Parallel algorithms for geometric graph problems},
  booktitle = {Proceedings of the forty-sixth annual ACM symposium on Theory of computing},
  pages     = {574--583},
  year      = {2014},
  doi       = {10.1145/2591796.2591805},
  source    = {Crossref},
  url       = {https://doi.org/10.1145/2591796.2591805},
  publisher = {ACM},
  month     = may
}

@inproceedings{andoni-focs18,
  author    = {Andoni, Alexandr and Song, Zhao and Stein, Clifford and Wang, Zhengyu and Zhong, Peilin},
  title     = {Parallel Graph Connectivity in Log Diameter Rounds},
  booktitle = {2018 IEEE 59th Annual Symposium on Foundations of Computer Science (FOCS)},
  pages     = {674--685},
  year      = {2018},
  doi       = {10.1109/focs.2018.00070},
  source    = {Crossref},
  url       = {https://doi.org/10.1109/focs.2018.00070},
  publisher = {IEEE},
  month     = oct
}

@inproceedings{bahmani11,
  author    = {Bahmani, Bahman and Chakrabarti, Kaushik and Xin, Dong},
  title     = {Fast personalized {PageRank} on {MapReduce}},
  booktitle = {Proceedings of the 2011 international conference on Management of data - SIGMOD '11},
  year      = {2011},
  pages     = {973--984},
  doi       = {10.1145/1989323.1989425},
  source    = {Crossref},
  url       = {https://doi.org/10.1145/1989323.1989425},
  publisher = {ACM Press}
}

@inproceedings{BandyapadhyayIPP18,
  author    = {Bandyapadhyay, Sayan and Inamdar, Tanmay and Pai, Shreyas and Pemmaraju, Sriram V.},
  title     = {Near-Optimal Clustering in the k-machine model},
  booktitle = {Proceedings of the 19th International Conference on Distributed Computing and Networking},
  year      = {2018},
  pages     = {15:1--15:10},
  doi       = {10.1145/3154273.3154317},
  source    = {Crossref},
  url       = {https://doi.org/10.1145/3154273.3154317},
  publisher = {ACM},
  month     = jan
}

@article{Bar-YossefJKS04,
  author    = {Bar-Yossef, Ziv and Jayram, T.S. and Kumar, Ravi and Sivakumar, D.},
  title     = {An information statistics approach to data stream and communication complexity},
  journal   = {J. Comput. Syst. Sci.},
  volume    = {68},
  number    = {4},
  pages     = {702--732},
  year      = {2004},
  doi       = {10.1016/j.jcss.2003.11.006},
  source    = {Crossref},
  url       = {https://doi.org/10.1016/j.jcss.2003.11.006},
  publisher = {Elsevier BV},
  issn      = {0022-0000},
  month     = jun
}

@article{BerryFNPSW15,
  author    = {Berry, Jonathan W. and Fostvedt, Luke A. and Nordman, Daniel J. and Phillips, Cynthia A. and Seshadhri, C. and Wilson, Alyson G.},
  title     = {Why Do Simple Algorithms for Triangle Enumeration Work in the Real World?},
  journal   = {Internet Math.},
  volume    = {11},
  number    = {6},
  pages     = {555--571},
  year      = {2015},
  doi       = {10.1080/15427951.2015.1037030},
  source    = {Crossref},
  url       = {https://doi.org/10.1080/15427951.2015.1037030},
  publisher = {Internet Mathematics},
  issn      = {1542-7951, 1944-9488},
  month     = may
}

@article{BerryHLP11,
  author    = {Berry, Jonathan W. and Hendrickson, Bruce and LaViolette, Randall A. and Phillips, Cynthia A.},
  title     = {Tolerating the community detection resolution limit with edge weighting},
  journal   = {Phys. Rev. E},
  year      = {2011},
  volume    = {83},
  number    = {5},
  doi       = {10.1103/physreve.83.056119},
  source    = {Crossref},
  url       = {https://doi.org/10.1103/physreve.83.056119},
  publisher = {American Physical Society (APS)},
  issn      = {1539-3755, 1550-2376},
  month     = may
}

@article{biggraph,
  author    = {Koch, Jannis and Staudt, Christian L. and Vogel, Maximilian and Meyerhenke, Henning},
  title     = {An empirical comparison of Big Graph frameworks in the context of network analysis},
  journal   = {Social Network Analysis and Mining},
  volume    = {6},
  number    = {1},
  pages     = {84:1--84:20},
  year      = {2016},
  doi       = {10.1007/s13278-016-0394-1},
  source    = {Crossref},
  url       = {https://doi.org/10.1007/s13278-016-0394-1},
  publisher = {Springer Science and Business Media LLC},
  issn      = {1869-5450, 1869-5469},
  month     = sep
}

@article{blogel,
  author    = {Yan, Da and Cheng, James and Lu, Yi and Ng, Wilfred},
  title     = {Blogel},
  journal   = {Proceedings of the VLDB Endowment},
  volume    = {7},
  number    = {14},
  pages     = {1981--1992},
  year      = {2014},
  doi       = {10.14778/2733085.2733103},
  source    = {Crossref},
  url       = {https://doi.org/10.14778/2733085.2733103},
  publisher = {VLDB Endowment},
  subtitle  = {a block-centric framework for distributed computation on real-world graphs},
  issn      = {2150-8097},
  month     = oct
}

@article{Boruvka26,
  author  = {Boruvka, Otakar},
  title   = {{ O Jist\'{e}m Probl\'{e}mu Minim\'{a}ln\'{\i}m {(About} a Certain Minimal Problem)}},
  journal = {Pr\'{a}ce Mor. Pr\'{\i}rodoved. Spol. v Brne III},
  volume  = {3},
  year    = {1926}
}

@inproceedings{brin,
  author    = {Brin, Sergey and Page, Lawrence},
  booktitle = {Proceedings of the 7th International World-Wide Web Conference (WWW)},
  title     = {The Anatomy of a Large-Scale Hypertextual Web Search Engine},
  year      = {1998},
  pages     = {107--117}
}

@article{bsp,
  author    = {Valiant, Leslie G.},
  title     = {A bridging model for parallel computation},
  journal   = {Commun. ACM},
  volume    = {33},
  number    = {8},
  pages     = {103--111},
  year      = {1990},
  doi       = {10.1145/79173.79181},
  source    = {Crossref},
  url       = {https://doi.org/10.1145/79173.79181},
  publisher = {Association for Computing Machinery (ACM)},
  issn      = {0001-0782, 1557-7317},
  month     = aug
}

@article{cacm,
  author     = {Reed, Daniel A. and Dongarra, Jack},
  title      = {Exascale computing and big data},
  journal    = {Commun. ACM},
  issue_date = {July 2015},
  volume     = {58},
  number     = {7},
  year       = {2015},
  issn       = {0001-0782, 1557-7317},
  pages      = {56--68},
  doi        = {10.1145/2699414},
  source     = {Crossref},
  url        = {https://doi.org/10.1145/2699414},
  publisher  = {Association for Computing Machinery (ACM)},
  month      = jun
}

@inproceedings{Censor-HillelGGHK15,
  author    = {Censor-Hillel, Keren and Ghaffari, Mohsen and Giakkoupis, George and Haeupler, Bernhard and Kuhn, Fabian},
  title     = {Tight Bounds on Vertex Connectivity Under Vertex Sampling},
  booktitle = {Proceedings of the Twenty-Sixth Annual ACM-SIAM Symposium on Discrete Algorithms},
  pages     = {2006--2018},
  year      = {2014},
  doi       = {10.1137/1.9781611973730.133},
  source    = {Crossref},
  url       = {https://doi.org/10.1137/1.9781611973730.133},
  publisher = {Society for Industrial and Applied Mathematics},
  month     = dec
}

@inproceedings{Censor-HillelGK14,
  author    = {Censor-Hillel, Keren and Ghaffari, Mohsen and Kuhn, Fabian},
  title     = {Distributed connectivity decomposition},
  booktitle = {Proceedings of the 2014 ACM symposium on Principles of distributed computing - PODC '14},
  pages     = {156--165},
  year      = {2014},
  doi       = {10.1145/2611462.2611491},
  source    = {Crossref},
  url       = {https://doi.org/10.1145/2611462.2611491},
  publisher = {ACM Press}
}

@inproceedings{Censor-HillelKKLPS15,
  author    = {Censor-Hillel, Keren and Kaski, Petteri and Korhonen, Janne H. and Lenzen, Christoph and Paz, Ami and Suomela, Jukka},
  title     = {Algebraic Methods in the Congested Clique},
  booktitle = {Proceedings of the 2015 ACM Symposium on Principles of Distributed Computing},
  year      = {2015},
  pages     = {143--152},
  doi       = {10.1145/2767386.2767414},
  source    = {Crossref},
  url       = {https://doi.org/10.1145/2767386.2767414},
  publisher = {ACM},
  month     = jul
}

@inproceedings{ChattopadhyayRR14,
  author    = {Chattopadhyay, Arkadev and Radhakrishnan, Jaikumar and Rudra, Atri},
  title     = {Topology Matters in Communication},
  booktitle = {2014 IEEE 55th Annual Symposium on Foundations of Computer Science},
  year      = {2014},
  pages     = {631--640},
  doi       = {10.1109/focs.2014.73},
  source    = {Crossref},
  url       = {https://doi.org/10.1109/focs.2014.73},
  publisher = {IEEE},
  month     = oct
}

@article{ChenP12,
  author    = {Chen, Jen-Yeu and Pandurangan, Gopal},
  title     = {Almost-Optimal Gossip-Based Aggregate Computation},
  journal   = {SIAM J. Comput.},
  volume    = {41},
  number    = {3},
  pages     = {455--483},
  year      = {2012},
  doi       = {10.1137/100793104},
  source    = {Crossref},
  url       = {https://doi.org/10.1137/100793104},
  publisher = {Society for Industrial & Applied Mathematics (SIAM)},
  issn      = {0097-5397, 1095-7111},
  month     = jan
}

@article{ChingEKLM15,
  author    = {Ching, Avery and Edunov, Sergey and Kabiljo, Maja and Logothetis, Dionysios and Muthukrishnan, Sambavi},
  title     = {One trillion edges},
  journal   = {Proceedings of the VLDB Endowment},
  volume    = {8},
  number    = {12},
  year      = {2015},
  issn      = {2150-8097},
  pages     = {1804--1815},
  doi       = {10.14778/2824032.2824077},
  source    = {Crossref},
  url       = {https://doi.org/10.14778/2824032.2824077},
  publisher = {VLDB Endowment},
  subtitle  = {graph processing at Facebook-scale},
  month     = aug
}

@article{ChuC12,
  author    = {Chu, Shumo and Cheng, James},
  title     = {Triangle listing in massive networks},
  journal   = {ACM Trans. Knowl. Discovery Data},
  volume    = {6},
  number    = {4},
  year      = {2012},
  pages     = {1--32},
  doi       = {10.1145/2382577.2382581},
  source    = {Crossref},
  url       = {https://doi.org/10.1145/2382577.2382581},
  publisher = {Association for Computing Machinery (ACM)},
  issn      = {1556-4681, 1556-472X},
  month     = dec
}

@book{CLRS09,
  author    = {Cormen, Thomas H. and Leiserson, Charles E. and Rivest, Ronald and Stein, Clifford},
  title     = {Algorithmen - Eine Einführung},
  year      = {2017},
  publisher = {De Gruyter},
  doi       = {10.1515/9783110522013},
  source    = {Crossref},
  url       = {https://doi.org/10.1515/9783110522013},
  isbn      = {9783110522013},
  month     = jan
}

@article{CormodeF14,
  author    = {Cormode, Graham and Firmani, Donatella},
  title     = {A unifying framework for ℓ 0-sampling algorithms},
  journal   = {Distrib. Parallel Dat.},
  volume    = {32},
  number    = {3},
  pages     = {315--335},
  year      = {2013},
  doi       = {10.1007/s10619-013-7131-9},
  source    = {Crossref},
  url       = {https://doi.org/10.1007/s10619-013-7131-9},
  publisher = {Springer Science and Business Media LLC},
  issn      = {0926-8782, 1573-7578},
  month     = jul
}

@book{CoverT06,
  author    = {Cover, Thomas M. and Thomas, Joy A.},
  title     = {Elements of Information Theory},
  year      = {1991},
  publisher = {John Wiley & Sons, Inc.},
  doi       = {10.1002/0471200611},
  source    = {Crossref},
  url       = {https://doi.org/10.1002/0471200611},
  isbn      = {0471062596, 0471200611}
}

@article{CV86,
  author    = {Cole, Richard and Vishkin, Uzi},
  title     = {Deterministic coin tossing with applications to optimal parallel list ranking},
  journal   = {Inform. Control},
  volume    = {70},
  number    = {1},
  pages     = {32--53},
  year      = {1986},
  publisher = {Elsevier BV},
  doi       = {10.1016/s0019-9958(86)80023-7},
  source    = {Crossref},
  url       = {https://doi.org/10.1016/s0019-9958(86)80023-7},
  issn      = {0019-9958},
  month     = jul
}

@inproceedings{d12,
  author    = {Drucker, Andrew and Kuhn, Fabian and Oshman, Rotem},
  title     = {The communication complexity of distributed task allocation},
  booktitle = {Proceedings of the 2012 ACM symposium on Principles of distributed computing - PODC '12},
  pages     = {67--76},
  year      = {2012},
  doi       = {10.1145/2332432.2332443},
  source    = {Crossref},
  url       = {https://doi.org/10.1145/2332432.2332443},
  publisher = {ACM Press}
}

@article{DasSarmaHKKNPPW12,
  author    = {Sarma, Atish Das and Holzer, Stephan and Kor, Liah and Korman, Amos and Nanongkai, Danupon and Pandurangan, Gopal and Peleg, David and Wattenhofer, Roger},
  title     = {Distributed Verification and Hardness of Distributed Approximation},
  journal   = {SIAM J. Comput.},
  volume    = {41},
  number    = {5},
  pages     = {1235--1265},
  year      = {2012},
  doi       = {10.1137/11085178x},
  source    = {Crossref},
  url       = {https://doi.org/10.1137/11085178x},
  publisher = {Society for Industrial & Applied Mathematics (SIAM)},
  issn      = {0097-5397, 1095-7111},
  month     = jan
}

@inproceedings{dnabook,
  author    = {Pandurangan, Gopal},
  title     = {Distributed Network Algorithms},
  booktitle = {Distributed Network Algorithms},
  url       = {https://sites.google.com/site/gopalpandurangan/home/distributed-network-algorithms},
  year      = {2021}
}

@inproceedings{DolevLP12,
  author    = {Dolev, Danny and Lenzen, Christoph and Peled, Shir},
  title     = {{``{T}ri,} Tri Again'': {Finding} Triangles and Small Subgraphs in a Distributed Setting},
  booktitle = {Proceedings of the 26th International Symposium on Distributed Computing (DISC)},
  pages     = {195--209},
  year      = {2012}
}

@inproceedings{DruckerKO14,
  author    = {Drucker, Andrew and Kuhn, Fabian and Oshman, Rotem},
  title     = {On the power of the congested clique model},
  booktitle = {Proceedings of the 2014 ACM symposium on Principles of distributed computing - PODC '14},
  pages     = {367--376},
  year      = {2014},
  doi       = {10.1145/2611462.2611493},
  source    = {Crossref},
  url       = {https://doi.org/10.1145/2611462.2611493},
  publisher = {ACM Press}
}

@book{DubhashiP09,
  author    = {Dubhashi, Devdatt P. and Panconesi, Alessandro},
  title     = {Concentration of Measure for the Analysis of Randomized Algorithms},
  publisher = {Cambridge University Press},
  year      = {2009},
  doi       = {10.1017/cbo9780511581274},
  source    = {Crossref},
  url       = {https://doi.org/10.1017/cbo9780511581274},
  isbn      = {9780511581274}
}

@article{facebook,
  author    = {Ching, Avery and Edunov, Sergey and Kabiljo, Maja and Logothetis, Dionysios and Muthukrishnan, Sambavi},
  title     = {One trillion edges},
  journal   = {Proceedings of the VLDB Endowment},
  volume    = {8},
  number    = {12},
  pages     = {1804--1815},
  year      = {2015},
  doi       = {10.14778/2824032.2824077},
  source    = {Crossref},
  url       = {https://doi.org/10.14778/2824032.2824077},
  publisher = {VLDB Endowment},
  subtitle  = {graph processing at Facebook-scale},
  issn      = {2150-8097},
  month     = aug
}

@inproceedings{fanchung,
  author    = {Chung, Fan and Simpson, Olivia},
  title     = {Distributed Algorithms for Finding Local Clusters Using Heat Kernel Pagerank},
  booktitle = {Proceedings of the 12th Workshop on Algorithms and Models for the Web-graph (WAW)},
  year      = {2015},
  pages     = {77--189}
}

@inproceedings{filtering-spaa,
  author    = {Lattanzi, Silvio and Moseley, Benjamin and Suri, Siddharth and Vassilvitskii, Sergei},
  title     = {Filtering},
  booktitle = {Proceedings of the 23rd ACM symposium on Parallelism in algorithms and architectures - SPAA '11},
  year      = {2011},
  pages     = {85--94},
  ee        = {http://doi.acm.org/10.1145/1989493.1989505},
  doi       = {10.1145/1989493.1989505},
  source    = {Crossref},
  url       = {https://doi.org/10.1145/1989493.1989505},
  publisher = {ACM Press},
  subtitle  = {a method for solving graph problems in MapReduce}
}

@inproceedings{FoucaultVC10,
  author    = {Foucault Welles, Brooke and Van Devender, Anne and Contractor, Noshir},
  title     = {Is a friend a friend?},
  booktitle = {CHI '10 Extended Abstracts on Human Factors in Computing Systems},
  year      = {2010},
  pages     = {4027--4032},
  doi       = {10.1145/1753846.1754097},
  source    = {Crossref},
  url       = {https://doi.org/10.1145/1753846.1754097},
  publisher = {ACM},
  subtitle  = {investigating the structure of friendship networks in virtual worlds},
  month     = apr
}

@inproceedings{fsttcs16,
  author    = {Pemmaraju, Sriram V. and Sardeshmukh, Vivek B.},
  title     = {Super-fast {MST} algorithms in the congested clique using $o(m)$ messages},
  booktitle = {Proceedings of the 36th {IARCS} Annual Conference on Foundations of Software Technology and Theoretical Computer Science (FSTTCS)},
  pages     = {47:1--47:15},
  year      = {2016}
}

@article{FudosH97,
  author    = {Fudos, Ioannis and Hoffmann, Christoph M.},
  title     = {A graph-constructive approach to solving systems of geometric constraints},
  journal   = {ACM Trans. Graphics},
  volume    = {16},
  number    = {2},
  year      = {1997},
  pages     = {179--216},
  doi       = {10.1145/248210.248223},
  source    = {Crossref},
  url       = {https://doi.org/10.1145/248210.248223},
  publisher = {Association for Computing Machinery (ACM)},
  issn      = {0730-0301, 1557-7368},
  month     = apr
}

@article{GallagerHS83,
  author    = {Gallager, R. G. and Humblet, P. A. and Spira, P. M.},
  title     = {A Distributed Algorithm for Minimum-Weight Spanning Trees},
  journal   = {ACM Trans. Program. Lang. Syst.},
  volume    = {5},
  number    = {1},
  pages     = {66--77},
  year      = {1983},
  doi       = {10.1145/357195.357200},
  source    = {Crossref},
  url       = {https://doi.org/10.1145/357195.357200},
  publisher = {Association for Computing Machinery (ACM)},
  issn      = {0164-0925, 1558-4593},
  month     = jan
}

@inproceedings{GhaffariK13,
  author    = {Ghaffari, Mohsen and Kuhn, Fabian},
  title     = {Distributed Minimum Cut Approximation},
  booktitle = {Proceedings of the 27th International Symposium on Distributed Computing (DISC)},
  pages     = {1--15},
  year      = {2013}
}

@inproceedings{GhaffariP16,
  author    = {Ghaffari, Mohsen and Parter, Merav},
  title     = {{MST} in Log-Star Rounds of Congested Clique},
  booktitle = {Proceedings of the 2016 ACM Symposium on Principles of Distributed Computing},
  pages     = {19--28},
  year      = {2016},
  doi       = {10.1145/2933057.2933103},
  source    = {Crossref},
  url       = {https://doi.org/10.1145/2933057.2933103},
  publisher = {ACM},
  month     = jul
}

@article{GHS83,
  author    = {Gallager, R. G. and Humblet, P. A. and Spira, P. M.},
  title     = {A Distributed Algorithm for Minimum-Weight Spanning Trees},
  journal   = {ACM Trans. Program. Lang. Syst.},
  volume    = {5},
  number    = {1},
  pages     = {66--77},
  year      = {1983},
  publisher = {Association for Computing Machinery (ACM)},
  doi       = {10.1145/357195.357200},
  source    = {Crossref},
  url       = {https://doi.org/10.1145/357195.357200},
  issn      = {0164-0925, 1558-4593},
  month     = jan
}

@article{gilbert,
  author  = {Gilbert, Seth and Li, Lawrence},
  title   = {How fast can you update your {MST?} {(Dynamic} algorithms for cluster computing)},
  journal = {arXiv preprint arXiv:2002.06762},
  year    = {2020}
}

@misc{giraph,
  title = {Giraph},
  year  = {http://giraph.apache.org/}
}

@inproceedings{goffish,
  author    = {Simmhan, Yogesh and Kumbhare, Alok Gautam and Wickramaarachchi, Charith and Nagarkar, Soonil and Ravi, Santosh and Raghavendra, Cauligi S. and Prasanna, Viktor K.},
  title     = {{GoFFish:} {A} Sub-graph Centric Framework for Large-Scale Graph Analytics},
  booktitle = {Proceedings of the 20th International Conference on Parallel Processing (Euro-Par)},
  pages     = {451--462},
  year      = {2014}
}

@misc{gps,
  title = {{GPS:} {A} Graph Processing System},
  year  = {http://infolab.stanford.edu/gps/}
}

@inproceedings{graphlab,
  author    = {Low, Yucheng and Gonzalez, Joseph and Kyrola, Aapo and Bickson, Danny and Guestrin, Carlos and Hellerstein, Joseph M.},
  title     = {{GraphLab:} {A} New Framework For Parallel Machine Learning},
  booktitle = {UAI},
  year      = {2010},
  pages     = {340--349},
  ee        = {http://uai.sis.pitt.edu/displayArticleDetails.jsp?mmnu=1{\&}smnu=2{\&}article_id=2126{\&}proceeding_id=26},
  crossref  = {DBLP:conf/uai/2010},
  bibsource = {DBLP, http://dblp.uni-trier.de}
}

@misc{graphx,
  author       = {Foundation, The Apache Software},
  title        = {{GraphX}},
  howpublished = {\url{https://spark.apache.org/graphx/}},
  note         = {Accessed: 2020-03-13}
}

@misc{grigory-blog,
  author = {Vassilvitskii, Sergei},
  title  = {Models for Parallel Computation {(A} Hitchhikers' Guide to Massively Parallel Universes)},
  year   = {http://grigory.us/blog/massively-parallel-universes/, 2015}
}

@article{harris,
  author    = {Harris, Tim J.},
  title     = {A survey of {PRAM} simulation techniques},
  journal   = {ACM Comput. Surv.},
  volume    = {26},
  number    = {2},
  pages     = {187--206},
  year      = {1994},
  doi       = {10.1145/176979.176984},
  source    = {Crossref},
  url       = {https://doi.org/10.1145/176979.176984},
  publisher = {Association for Computing Machinery (ACM)},
  issn      = {0360-0300, 1557-7341},
  month     = jun
}

@inproceedings{HegemanP14,
  author    = {Hegeman, James W. and Pemmaraju, Sriram V.},
  title     = {Lessons from the Congested Clique Applied to {MapReduce}},
  booktitle = {Proceedings of the 21th International Colloquium on Structural Information and Communication Complexity (SIROCCO)},
  pages     = {149--164},
  year      = {2014}
}

@inproceedings{HegemanPPSS15,
  author    = {Hegeman, James W. and Pandurangan, Gopal and Pemmaraju, Sriram V. and Sardeshmukh, Vivek B. and Scquizzato, Michele},
  title     = {Toward Optimal Bounds in the Congested Clique},
  booktitle = {Proceedings of the 2015 ACM Symposium on Principles of Distributed Computing},
  year      = {2015},
  pages     = {91--100},
  doi       = {10.1145/2767386.2767434},
  source    = {Crossref},
  url       = {https://doi.org/10.1145/2767386.2767434},
  publisher = {ACM},
  subtitle  = {Graph Connectivity and MST},
  month     = jul
}

@inproceedings{HegemanPS14,
  author    = {Hegeman, James W. and Pemmaraju, Sriram V. and Sardeshmukh, Vivek},
  title     = {Near-Constant-Time Distributed Algorithms on a Congested Clique},
  booktitle = {Proceedings of the 28th International Symposium on Distributed Computing (DISC)},
  pages     = {514--530},
  year      = {2014}
}

@article{icdm,
  author    = {Kajdanowicz, Tomasz and Kazienko, Przemyslaw and Indyk, Wojciech},
  title     = {Parallel processing of large graphs},
  journal   = {Future Gener. Comp. Sy.},
  volume    = {32},
  pages     = {324--337},
  year      = {2014},
  doi       = {10.1016/j.future.2013.08.007},
  source    = {Crossref},
  url       = {https://doi.org/10.1016/j.future.2013.08.007},
  publisher = {Elsevier BV},
  issn      = {0167-739X},
  month     = mar
}

@inproceedings{ipdps21,
  author    = {Augustine, John and Kothapalli, Kishore and Pandurangan, Gopal},
  title     = {Efficient Distributed Algorithms in the k-machine model via {PRAM} Simulations},
  booktitle = {2021 IEEE International Parallel and Distributed Processing Symposium (IPDPS)},
  pages     = {223--232},
  publisher = {IEEE},
  year      = {2021},
  doi       = {10.1109/ipdps49936.2021.00031},
  source    = {Crossref},
  url       = {https://doi.org/10.1109/ipdps49936.2021.00031},
  month     = may
}

@inproceedings{IzumiG17,
  author    = {Izumi, Taisuke and Le Gall, François},
  title     = {Triangle Finding and Listing in {CONGEST} Networks},
  booktitle = {Proceedings of the ACM Symposium on Principles of Distributed Computing},
  pages     = {381--389},
  year      = {2017},
  doi       = {10.1145/3087801.3087811},
  source    = {Crossref},
  url       = {https://doi.org/10.1145/3087801.3087811},
  publisher = {ACM},
  month     = jul
}

@book{jaja,
  author    = {J{\'{a}}J{\'{a}}, Joseph},
  title     = {An Introduction to Parallel Algorithms},
  publisher = {Addison-Wesley},
  year      = {1992}
}

@article{janson,
  author    = {Janson, Svante},
  title     = {Large deviations for sums of partly dependent random variables},
  journal   = {Random Struct. Algor.},
  volume    = {24},
  number    = {3},
  pages     = {234--248},
  year      = {2004},
  doi       = {10.1002/rsa.20008},
  source    = {Crossref},
  url       = {https://doi.org/10.1002/rsa.20008},
  publisher = {Wiley},
  subtitle  = {Large Deviations for Dependent Random Variables},
  issn      = {1042-9832},
  month     = mar
}

@inproceedings{JowhariST11,
  author    = {Jowhari, Hossein and Sağlam, Mert and Tardos, Gábor},
  title     = {Tight bounds for Lp samplers, finding duplicates in streams, and related problems},
  booktitle = {Proceedings of the 30th symposium on Principles of database systems of data - PODS '11},
  pages     = {49--58},
  year      = {2011},
  doi       = {10.1145/1989284.1989289},
  source    = {Crossref},
  url       = {https://doi.org/10.1145/1989284.1989289},
  publisher = {ACM Press}
}

@inproceedings{Jurdzinski018,
  author    = {Jurdzinski, Tomasz and Nowicki, Krzysztof},
  title     = {{MST} in {${O}(1)$} rounds of congested clique},
  booktitle = {Proceedings of the 29th Annual {ACM-SIAM} Symposium on Discrete Algorithms (SODA)},
  pages     = {2620--2632},
  year      = {2018}
}

@inproceedings{Karger94,
  author    = {Karger, David R.},
  title     = {Random sampling in cut, flow, and network design problems},
  booktitle = {Proceedings of the twenty-sixth annual ACM symposium on Theory of computing - STOC '94},
  pages     = {648--657},
  year      = {1994},
  doi       = {10.1145/195058.195422},
  source    = {Crossref},
  url       = {https://doi.org/10.1145/195058.195422},
  publisher = {ACM Press}
}

@article{KargerKT95,
  author    = {Karger, David R. and Klein, Philip N. and Tarjan, Robert E.},
  title     = {A randomized linear-time algorithm to find minimum spanning trees},
  journal   = {J. ACM},
  volume    = {42},
  number    = {2},
  year      = {1995},
  issn      = {0004-5411, 1557-735X},
  pages     = {321--328},
  doi       = {10.1145/201019.201022},
  source    = {Crossref},
  url       = {https://doi.org/10.1145/201019.201022},
  publisher = {Association for Computing Machinery (ACM)},
  month     = mar
}

@inproceedings{KingKT15,
  author    = {King, Valerie and Kutten, Shay and Thorup, Mikkel},
  title     = {Construction and Impromptu Repair of an {MST} in a Distributed Network with o(m) Communication},
  booktitle = {Proceedings of the 2015 ACM Symposium on Principles of Distributed Computing},
  year      = {2015},
  pages     = {71--80},
  doi       = {10.1145/2767386.2767405},
  source    = {Crossref},
  url       = {https://doi.org/10.1145/2767386.2767405},
  publisher = {ACM},
  month     = jul
}

@inproceedings{KiverisLMRV14,
  author    = {Kiveris, Raimondas and Lattanzi, Silvio and Mirrokni, Vahab and Rastogi, Vibhor and Vassilvitskii, Sergei},
  title     = {Connected Components in {MapReduce} and Beyond},
  booktitle = {Proceedings of the ACM Symposium on Cloud Computing},
  year      = {2014},
  pages     = {18:1--18:13},
  doi       = {10.1145/2670979.2670997},
  source    = {Crossref},
  url       = {https://doi.org/10.1145/2670979.2670997},
  publisher = {ACM},
  month     = nov
}

@inproceedings{KlauckNPR15,
  author    = {Klauck, Hartmut and Nanongkai, Danupon and Pandurangan, Gopal and Robinson, Peter},
  title     = {Distributed Computation of Large-scale Graph Problems},
  booktitle = {Proceedings of the Twenty-Sixth Annual ACM-SIAM Symposium on Discrete Algorithms},
  pages     = {391--410},
  year      = {2014},
  doi       = {10.1137/1.9781611973730.28},
  source    = {Crossref},
  url       = {https://doi.org/10.1137/1.9781611973730.28},
  publisher = {Society for Industrial and Applied Mathematics},
  month     = dec
}

@inproceedings{KNPR14,
  author       = {Klauck, Hartmut and Nanongkai, Danupon and Pandurangan, Gopal and Robinson, Peter},
  title        = {Distributed Computation of Large-scale Graph Problems},
  booktitle    = {Proceedings of the Twenty-Sixth Annual ACM-SIAM Symposium on Discrete Algorithms},
  pages        = {391--410},
  year         = {2014},
  organization = {Society for Industrial and Applied Mathematics},
  doi          = {10.1137/1.9781611973730.28},
  source       = {Crossref},
  url          = {https://doi.org/10.1137/1.9781611973730.28},
  publisher    = {Society for Industrial and Applied Mathematics},
  month        = dec
}

@article{KolountzakisMPT12,
  author    = {Kolountzakis, Mihail N. and Miller, Gary L. and Peng, Richard and Tsourakakis, Charalampos E.},
  title     = {Efficient Triangle Counting in Large Graphs via Degree-Based Vertex Partitioning},
  journal   = {Internet Math.},
  volume    = {8},
  number    = {1-2},
  pages     = {161--185},
  year      = {2012},
  doi       = {10.1080/15427951.2012.625260},
  source    = {Crossref},
  url       = {https://doi.org/10.1080/15427951.2012.625260},
  publisher = {Internet Mathematics},
  issn      = {1542-7951, 1944-9488},
  month     = mar
}

@inproceedings{KoutrisBS16,
  author    = {Koutris, Paraschos and Beame, Paul and Suciu, Dan},
  title     = {Worst-case optimal algorithms for parallel query processing},
  booktitle = {Proceedings of the 19th International Conference on Database Theory (ICDT)},
  pages     = {8:1--8:18},
  year      = {2016}
}

@book{KushilevitzN97,
  author    = {Kushilevitz, Eyal and Nisan, Noam},
  title     = {Communication Complexity},
  year      = {1996},
  publisher = {Cambridge University Press},
  doi       = {10.1017/cbo9780511574948},
  source    = {Crossref},
  url       = {https://doi.org/10.1017/cbo9780511574948},
  isbn      = {9780521560672, 9780521029834, 9780511574948},
  month     = dec
}

@article{KuttenPPRT15,
  author    = {Kutten, Shay and Pandurangan, Gopal and Peleg, David and Robinson, Peter and Trehan, Amitabh},
  title     = {Sublinear bounds for randomized leader election},
  journal   = {Theor. Comput. Sci.},
  volume    = {561},
  pages     = {134--143},
  year      = {2015},
  doi       = {10.1016/j.tcs.2014.02.009},
  source    = {Crossref},
  url       = {https://doi.org/10.1016/j.tcs.2014.02.009},
  publisher = {Elsevier BV},
  issn      = {0304-3975},
  month     = jan
}

@article{LangvilleM03,
  author    = {Langville, Amy and Meyer, Carl},
  title     = {Deeper Inside {PageRank}},
  journal   = {Internet Math.},
  volume    = {1},
  number    = {3},
  year      = {2004},
  pages     = {335--380},
  doi       = {10.1080/15427951.2004.10129091},
  source    = {Crossref},
  url       = {https://doi.org/10.1080/15427951.2004.10129091},
  publisher = {Internet Mathematics},
  issn      = {1542-7951},
  month     = jan
}

@inproceedings{LattanziM15,
  author    = {Lattanzi, Silvio and Mirrokni, Vahab},
  title     = {Distributed Graph Algorithmics},
  booktitle = {Proceedings of the Eighth ACM International Conference on Web Search and Data Mining},
  year      = {2015},
  pages     = {419--420},
  doi       = {10.1145/2684822.2697043},
  source    = {Crossref},
  url       = {https://doi.org/10.1145/2684822.2697043},
  publisher = {ACM},
  subtitle  = {Theory and Practice},
  month     = feb
}

@inproceedings{lenzen,
  author    = {Lenzen, Christoph},
  title     = {Optimal deterministic routing and sorting on the congested clique},
  booktitle = {Proceedings of the 2013 ACM symposium on Principles of distributed computing - PODC '13},
  pages     = {42--50},
  year      = {2013},
  doi       = {10.1145/2484239.2501983},
  source    = {Crossref},
  url       = {https://doi.org/10.1145/2484239.2501983},
  publisher = {ACM Press}
}

@inproceedings{Lenzen13,
  author    = {Lenzen, Christoph},
  title     = {Optimal deterministic routing and sorting on the congested clique},
  booktitle = {Proceedings of the 2013 ACM symposium on Principles of distributed computing - PODC '13},
  pages     = {42--50},
  year      = {2013},
  doi       = {10.1145/2484239.2501983},
  source    = {Crossref},
  url       = {https://doi.org/10.1145/2484239.2501983},
  publisher = {ACM Press}
}

@inproceedings{LenzenW11,
  author    = {Lenzen, Christoph and Wattenhofer, Roger},
  title     = {Tight bounds for parallel randomized load balancing},
  booktitle = {Proceedings of the 43rd annual ACM symposium on Theory of computing - STOC '11},
  pages     = {11--20},
  year      = {2011},
  doi       = {10.1145/1993636.1993639},
  source    = {Crossref},
  url       = {https://doi.org/10.1145/1993636.1993639},
  publisher = {ACM Press},
  subtitle  = {extended abstract}
}

@book{LeskovecRU14,
  author    = {Leskovec, Jure and Rajaraman, Anand and Ullman, Jeffrey David},
  title     = {Mining of Massive Datasets},
  year      = {2014},
  publisher = {Cambridge University Press},
  doi       = {10.1017/cbo9781139924801},
  source    = {Crossref},
  url       = {https://doi.org/10.1017/cbo9781139924801},
  isbn      = {9781139924801}
}

@book{lin-book,
  author    = {Lin, Jimmy and Dyer, Chris},
  title     = {Data-Intensive Text Processing with {MapReduce}},
  publisher = {Morgan and Claypool Publishers},
  year      = {2010}
}

@inproceedings{Lin1,
  author    = {Feng, Xing and Chang, Lijun and Lin, Xuemin and Qin, Lu and Zhang, Wenjie},
  title     = {Computing Connected Components with linear communication cost in pregel-like systems},
  booktitle = {2016 IEEE 32nd International Conference on Data Engineering (ICDE)},
  pages     = {85--96},
  year      = {2016},
  doi       = {10.1109/icde.2016.7498231},
  source    = {Crossref},
  url       = {https://doi.org/10.1109/icde.2016.7498231},
  publisher = {IEEE},
  month     = may
}

@article{Lin2,
  author    = {Lai, Longbin and Qin, Lu and Lin, Xuemin and Zhang, Ying and Chang, Lijun and Yang, Shiyu},
  title     = {Scalable distributed subgraph enumeration},
  journal   = {Proceedings of the VLDB Endowment},
  volume    = {10},
  number    = {3},
  pages     = {217--228},
  year      = {2016},
  doi       = {10.14778/3021924.3021937},
  source    = {Crossref},
  url       = {https://doi.org/10.14778/3021924.3021937},
  publisher = {VLDB Endowment},
  issn      = {2150-8097},
  month     = nov
}

@inproceedings{Lin3,
  author    = {Guo, Tao and Cao, Xin and Cong, Gao and Lu, Jiaheng and Lin, Xuemin},
  title     = {Distributed Algorithms on Exact Personalized {PageRank}},
  booktitle = {Proceedings of the 2017 ACM International Conference on Management of Data},
  year      = {2017},
  pages     = {479--494},
  doi       = {10.1145/3035918.3035920},
  source    = {Crossref},
  url       = {https://doi.org/10.1145/3035918.3035920},
  publisher = {ACM},
  month     = may
}

@inproceedings{LMSV11,
  author    = {Lattanzi, Silvio and Moseley, Benjamin and Suri, Siddharth and Vassilvitskii, Sergei},
  title     = {Filtering},
  booktitle = {Proceedings of the 23rd ACM symposium on Parallelism in algorithms and architectures - SPAA '11},
  pages     = {85--94},
  year      = {2011},
  doi       = {10.1145/1989493.1989505},
  source    = {Crossref},
  url       = {https://doi.org/10.1145/1989493.1989505},
  publisher = {ACM Press},
  subtitle  = {a method for solving graph problems in MapReduce}
}

@article{LotkerPPP05,
  author    = {Lotker, Zvi and Patt-Shamir, Boaz and Pavlov, Elan and Peleg, David},
  title     = {Minimum-Weight Spanning Tree Construction in O(log log n) Communication Rounds},
  journal   = {SIAM J. Comput.},
  volume    = {35},
  number    = {1},
  pages     = {120--131},
  year      = {2005},
  doi       = {10.1137/s0097539704441848},
  source    = {Crossref},
  url       = {https://doi.org/10.1137/s0097539704441848},
  publisher = {Society for Industrial & Applied Mathematics (SIAM)},
  issn      = {0097-5397, 1095-7111},
  month     = jan
}

@book{Lynch,
  author    = {Lynch, Nancy},
  title     = {Distributed Algorithms},
  publisher = {Springer Berlin Heidelberg},
  year      = {1996},
  doi       = {10.1007/3-540-61769-8},
  source    = {Crossref},
  url       = {https://doi.org/10.1007/3-540-61769-8},
  subtitle  = {10th International Workshop, WDAG '96 Bologna, Italy, October 9–11, 1996 Proceedings},
  issn      = {0302-9743, 1611-3349},
  isbn      = {9783540617693, 9783540706793}
}

@book{Lynch96,
  author    = {Lynch, Nancy A.},
  title     = {Distributed Algorithms},
  year      = {1996},
  publisher = {Springer Berlin Heidelberg},
  doi       = {10.1007/3-540-61769-8},
  source    = {Crossref},
  url       = {https://doi.org/10.1007/3-540-61769-8},
  subtitle  = {10th International Workshop, WDAG '96 Bologna, Italy, October 9–11, 1996 Proceedings},
  issn      = {0302-9743, 1611-3349},
  isbn      = {9783540617693, 9783540706793}
}

@inproceedings{MABDHLC10,
  author    = {Malewicz, Grzegorz and Austern, Matthew H. and Bik, Aart J.C and Dehnert, James C. and Horn, Ilan and Leiser, Naty and Czajkowski, Grzegorz},
  title     = {Pregel},
  booktitle = {Proceedings of the 2010 ACM SIGMOD International Conference on Management of data},
  pages     = {135--146},
  year      = {2010},
  doi       = {10.1145/1807167.1807184},
  source    = {Crossref},
  url       = {https://doi.org/10.1145/1807167.1807184},
  publisher = {ACM},
  subtitle  = {a system for large-scale graph processing},
  month     = jun
}

@article{McGregor14,
  author    = {McGregor, Andrew},
  title     = {Graph stream algorithms},
  journal   = {Sigmod Rec.},
  volume    = {43},
  number    = {1},
  pages     = {9--20},
  year      = {2014},
  doi       = {10.1145/2627692.2627694},
  source    = {Crossref},
  url       = {https://doi.org/10.1145/2627692.2627694},
  publisher = {Association for Computing Machinery (ACM)},
  subtitle  = {a survey},
  issn      = {0163-5808},
  month     = may
}

@article{mcm-avrachenkov,
  author    = {Avrachenkov, K. and Litvak, N. and Nemirovsky, D. and Osipova, N.},
  title     = {{Monte} {Carlo} Methods in {PageRank} Computation: {When} One Iteration is Sufficient},
  journal   = {SIAM J. Numer. Anal.},
  volume    = {45},
  year      = {2007},
  pages     = {890--904},
  doi       = {10.1137/050643799},
  number    = {2},
  source    = {Crossref},
  url       = {https://doi.org/10.1137/050643799},
  publisher = {Society for Industrial & Applied Mathematics (SIAM)},
  issn      = {0036-1429, 1095-7170},
  month     = jan
}

@book{MitzenmacherU05,
  author    = {Mitzenmacher, Michael and Upfal, Eli},
  title     = {Probability and Computing},
  publisher = {Cambridge University Press},
  year      = {2005},
  doi       = {10.1017/cbo9780511813603},
  source    = {Crossref},
  url       = {https://doi.org/10.1017/cbo9780511813603},
  subtitle  = {Randomized Algorithms and Probabilistic Analysis},
  isbn      = {9780521835404, 9780511813603},
  month     = jan
}

@misc{MosesJrwebsite,
  author       = {Ajieren, Eric and Hourani, Khalid and Moses Jr., William K. and Pandurangan, Gopal},
  title        = {Graphs and Networks},
  howpublished = {<https://tinyurl.com/ahmpkmach>},
  note         = {Accessed: 2020-10-19},
  doi          = {10.1017/cbo9781139168724.020},
  source       = {Crossref},
  url          = {https://doi.org/10.1017/cbo9781139168724.020},
  publisher    = {Cambridge University Press},
  pages        = {556--571},
  year         = {2000},
  month        = sep
}

@inproceedings{MPC,
  author    = {Beame, Paul and Koutris, Paraschos and Suciu, Dan},
  title     = {Skew in parallel query processing},
  booktitle = {Proceedings of the 33rd ACM SIGMOD-SIGACT-SIGART symposium on Principles of database systems},
  pages     = {212--223},
  year      = {2014},
  doi       = {10.1145/2594538.2594558},
  source    = {Crossref},
  url       = {https://doi.org/10.1145/2594538.2594558},
  publisher = {ACM},
  month     = jun
}

@book{MU17,
  author    = {Mitzenmacher, Michael and Upfal, Eli},
  title     = {Probability and Computing},
  year      = {2005},
  publisher = {Cambridge University Press},
  doi       = {10.1017/cbo9780511813603},
  source    = {Crossref},
  url       = {https://doi.org/10.1017/cbo9780511813603},
  subtitle  = {Randomized Algorithms and Probabilistic Analysis},
  isbn      = {9780521835404, 9780511813603},
  month     = jan
}

@inproceedings{Nanongkai14,
  author    = {Nanongkai, Danupon},
  title     = {Distributed approximation algorithms for weighted shortest paths},
  booktitle = {Proceedings of the forty-sixth annual ACM symposium on Theory of computing},
  pages     = {565--573},
  year      = {2014},
  doi       = {10.1145/2591796.2591850},
  source    = {Crossref},
  url       = {https://doi.org/10.1145/2591796.2591850},
  publisher = {ACM},
  month     = may
}

@article{NgoRR13,
  author    = {Ngo, Hung Q and Ré, Christopher and Rudra, Atri},
  title     = {Skew strikes back},
  journal   = {Sigmod Rec.},
  volume    = {42},
  number    = {4},
  pages     = {5--16},
  year      = {2014},
  doi       = {10.1145/2590989.2590991},
  source    = {Crossref},
  url       = {https://doi.org/10.1145/2590989.2590991},
  publisher = {Association for Computing Machinery (ACM)},
  subtitle  = {new developments in the theory of join algorithms},
  issn      = {0163-5808},
  month     = feb
}

@inproceedings{oshman-survey,
  author    = {Oshman, Rotem},
  title     = {Communication Complexity Lower Bounds in Distributed Message-Passing},
  booktitle = {Proceedings of the 21st International Colloquium on Structural Information and Communication Complexity (SIROCCO)},
  pages     = {14--17},
  year      = {2014}
}

@inproceedings{Oshman14,
  author    = {Oshman, Rotem},
  title     = {Communication complexity lower bounds in distributed message-passing},
  booktitle = {Proceedings of the 21th International Colloquium on Structural Information and Communication Complexity (SIROCCO)},
  pages     = {14--17},
  year      = {2014}
}

@article{page99,
  author  = {Page, L. and Brin, S. and Motwani, R. and Winograd, T.},
  title   = {The {PageRank} citation ranking: {Bringing} order to the web},
  journal = {Technical report, Stanford InfoLab},
  year    = {1999}
}

@article{pagerank,
  author    = {Das Sarma, Atish and Molla, Anisur Rahaman and Pandurangan, Gopal and Upfal, Eli},
  title     = {Fast distributed {PageRank} computation},
  journal   = {Theor. Comput. Sci.},
  volume    = {561},
  pages     = {113--121},
  year      = {2015},
  doi       = {10.1016/j.tcs.2014.04.003},
  source    = {Crossref},
  url       = {https://doi.org/10.1016/j.tcs.2014.04.003},
  publisher = {Elsevier BV},
  issn      = {0304-3975},
  month     = jan
}

@inproceedings{PanduranganPS16,
  author    = {Pandurangan, Gopal and Peleg, David and Scquizzato, Michele},
  booktitle = {Proceedings of the 23rd International Colloquium on Structural Information and Communication Complexity (SIROCCO)},
  title     = {Message lower bounds via efficient network synchronization},
  year      = {2016},
  pages     = {75--91}
}

@article{PanduranganRS16a,
  author  = {Pandurangan, Gopal and Robinson, Peter and Scquizzato, Michele},
  title   = {Tight Bounds for Distributed Graph Computations},
  journal = {CoRR},
  volume  = {abs/1602.08481},
  year    = {2016}
}

@inproceedings{PanduranganRS17,
  author    = {Pandurangan, Gopal and Robinson, Peter and Scquizzato, Michele},
  title     = {A time- and message-optimal distributed algorithm for minimum spanning trees},
  booktitle = {Proceedings of the 49th Annual ACM SIGACT Symposium on Theory of Computing},
  year      = {2017},
  pages     = {743--756},
  doi       = {10.1145/3055399.3055449},
  source    = {Crossref},
  url       = {https://doi.org/10.1145/3055399.3055449},
  publisher = {ACM},
  month     = jun
}

@article{PanduranganRS18,
  author  = {Pandurangan, Gopal and Robinson, Peter and Scquizzato, Michele},
  title   = {Fast Distributed Algorithms for Connectivity and {MST} in Large Graphs},
  journal = {ACM Trans. Parallel Comput.},
  volume  = {5},
  number  = {1},
  year    = {2018}
}

@inproceedings{PanduranganRS18a,
  author    = {Pandurangan, Gopal and Robinson, Peter and Scquizzato, Michele},
  title     = {On the Distributed Complexity of Large-Scale Graph Computations},
  booktitle = {Proceedings of the 30th on Symposium on Parallelism in Algorithms and Architectures},
  pages     = {405--414},
  year      = {2018},
  doi       = {10.1145/3210377.3210409},
  source    = {Crossref},
  url       = {https://doi.org/10.1145/3210377.3210409},
  publisher = {ACM},
  month     = jul
}

@inproceedings{PanduranganS15,
  author = {Pandurangan, Gopal and Scquizzato, Michele},
  title  = {Message Lower Bounds in Synchronous Distributed Models via Communication Complexity},
  year   = {2015},
  note   = {Manuscript}
}

@inproceedings{ParkMK16,
  author    = {Park, Ha-Myung and Myaeng, Sung-Hyon and Kang, U.},
  title     = {Pte},
  booktitle = {Proceedings of the 22nd ACM SIGKDD International Conference on Knowledge Discovery and Data Mining},
  pages     = {1115--1124},
  year      = {2016},
  doi       = {10.1145/2939672.2939757},
  source    = {Crossref},
  url       = {https://doi.org/10.1145/2939672.2939757},
  publisher = {ACM},
  subtitle  = {Enumerating Trillion Triangles On Distributed Systems},
  month     = aug
}

@inproceedings{Patt-ShamirT11,
  author    = {Patt-Shamir, Boaz and Teplitsky, Marat},
  title     = {The round complexity of distributed sorting},
  booktitle = {Proceedings of the 30th annual ACM SIGACT-SIGOPS symposium on Principles of distributed computing - PODC '11},
  year      = {2011},
  pages     = {249--256},
  doi       = {10.1145/1993806.1993851},
  source    = {Crossref},
  url       = {https://doi.org/10.1145/1993806.1993851},
  publisher = {ACM Press},
  subtitle  = {extended abstract}
}

@book{peleg,
  author    = {Peleg, David},
  title     = {Distributed Computing: {A} Locality-Sensitive Approach},
  year      = {2000},
  isbn      = {9780898714647, 9780898719772},
  publisher = {Society for Industrial and Applied Mathematics},
  address   = {Philadelphia, PA, USA},
  doi       = {10.1137/1.9780898719772},
  source    = {Crossref},
  url       = {https://doi.org/10.1137/1.9780898719772},
  month     = jan
}

@article{peleg-bound,
  author    = {Peleg, David and Rubinovich, Vitaly},
  title     = {A Near-Tight Lower Bound on the Time Complexity of Distributed Minimum-Weight Spanning Tree Construction},
  journal   = {SIAM J. Comput.},
  volume    = {30},
  number    = {5},
  pages     = {1427--1442},
  year      = {2000},
  doi       = {10.1137/s0097539700369740},
  source    = {Crossref},
  url       = {https://doi.org/10.1137/s0097539700369740},
  publisher = {Society for Industrial & Applied Mathematics (SIAM)},
  issn      = {0097-5397, 1095-7111},
  month     = jan
}

@book{Peleg00,
  author    = {Peleg, David},
  title     = {Distributed Computing: {A} Locality-Sensitive Approach},
  year      = {2000},
  publisher = {Society for Industrial and Applied Mathematics},
  doi       = {10.1137/1.9780898719772},
  source    = {Crossref},
  url       = {https://doi.org/10.1137/1.9780898719772},
  isbn      = {9780898714647, 9780898719772},
  month     = jan
}

@inproceedings{pemmaraju-opodis18,
  author    = {Inamdar, Tanmay and Pai, Shreyas and Pemmaraju, Sriram V.},
  title     = {Large-Scale Distributed Algorithms for Facility Location with Outliers},
  booktitle = {OPODIS},
  year      = {2018}
}

@misc{personal,
  author       = {Ruci\'{n}ski, Andrzej},
  year         = {2017},
  howpublished = {Personal communication}
}

@inproceedings{peter,
  author    = {Konrad, Christian and Pemmaraju, Sriram V. and Riaz, Talal and Robinson, Peter},
  title     = {The Complexity of Symmetry Breaking in Massive Graphs},
  booktitle = {DISC},
  volume    = {146},
  pages     = {26:1--26:18},
  year      = {2019}
}

@inproceedings{podc11,
  author    = {Nanongkai, Danupon and Das Sarma, Atish and Pandurangan, Gopal},
  title     = {A tight unconditional lower bound on distributed randomwalk computation},
  booktitle = {Proceedings of the 30th annual ACM SIGACT-SIGOPS symposium on Principles of distributed computing - PODC '11},
  year      = {2011},
  pages     = {257--266},
  doi       = {10.1145/1993806.1993853},
  source    = {Crossref},
  url       = {https://doi.org/10.1145/1993806.1993853},
  publisher = {ACM Press}
}

@inproceedings{PODC13LENZEN,
  author    = {Lenzen, Christoph},
  title     = {Optimal deterministic routing and sorting on the congested clique},
  booktitle = {Proceedings of the 2013 ACM symposium on Principles of distributed computing - PODC '13},
  pages     = {42--50},
  year      = {2013},
  doi       = {10.1145/2484239.2501983},
  source    = {Crossref},
  url       = {https://doi.org/10.1145/2484239.2501983},
  publisher = {ACM Press}
}

@inproceedings{podc14,
  author    = {Elkin, Michael and Klauck, Hartmut and Nanongkai, Danupon and Pandurangan, Gopal},
  title     = {Can quantum communication speed up distributed computation?},
  booktitle = {Proceedings of the 2014 ACM symposium on Principles of distributed computing - PODC '14},
  year      = {2014},
  pages     = {166--175},
  doi       = {10.1145/2611462.2611488},
  source    = {Crossref},
  url       = {https://doi.org/10.1145/2611462.2611488},
  publisher = {ACM Press}
}

@article{ppr-bahmani2010,
  author    = {Bahmani, Bahman and Chowdhury, Abdur and Goel, Ashish},
  title     = {Fast incremental and personalized {PageRank}},
  journal   = {Proceedings of the VLDB Endowment},
  volume    = {4},
  year      = {2010},
  pages     = {173--184},
  doi       = {10.14778/1929861.1929864},
  number    = {3},
  source    = {Crossref},
  url       = {https://doi.org/10.14778/1929861.1929864},
  publisher = {VLDB Endowment},
  issn      = {2150-8097},
  month     = dec
}

@article{pr-survey+05,
  author    = {Berkhin, Pavel},
  title     = {A Survey on {PageRank} Computing},
  journal   = {Internet Math.},
  volume    = {2},
  number    = {1},
  year      = {2005},
  pages     = {73--120},
  doi       = {10.1080/15427951.2005.10129098},
  source    = {Crossref},
  url       = {https://doi.org/10.1080/15427951.2005.10129098},
  publisher = {Internet Mathematics},
  issn      = {1542-7951, 1944-9488},
  month     = jan
}

@inproceedings{pregel,
  author    = {Malewicz, Grzegorz and Austern, Matthew H. and Bik, Aart J.C and Dehnert, James C. and Horn, Ilan and Leiser, Naty and Czajkowski, Grzegorz},
  title     = {Pregel},
  booktitle = {Proceedings of the 2010 ACM SIGMOD International Conference on Management of data},
  year      = {2010},
  pages     = {135--146},
  doi       = {10.1145/1807167.1807184},
  source    = {Crossref},
  url       = {https://doi.org/10.1145/1807167.1807184},
  publisher = {ACM},
  subtitle  = {a system for large-scale graph processing},
  month     = jun
}

@article{PritchardT11,
  author    = {Pritchard, David and Thurimella, Ramakrishna},
  title     = {Fast computation of small cuts via cycle space sampling},
  journal   = {ACM Trans. Algorithms},
  volume    = {7},
  number    = {4},
  articleno = {46},
  year      = {2011},
  doi       = {10.1145/2000807.2000814},
  source    = {Crossref},
  url       = {https://doi.org/10.1145/2000807.2000814},
  publisher = {Association for Computing Machinery (ACM)},
  issn      = {1549-6325, 1549-6333},
  pages     = {1--30},
  month     = sep
}

@article{PRS18,
  author    = {Pandurangan, Gopal and Robinson, Peter and Scquizzato, Michele},
  title     = {Fast Distributed Algorithms for Connectivity and {MST} in Large Graphs},
  journal   = {ACM Trans. Parallel Comput.},
  volume    = {5},
  number    = {1},
  pages     = {1--22},
  year      = {2018},
  publisher = {Association for Computing Machinery (ACM)},
  doi       = {10.1145/3209689},
  source    = {Crossref},
  url       = {https://doi.org/10.1145/3209689},
  issn      = {2329-4949, 2329-4957},
  month     = sep
}

@inproceedings{PRS18b,
  author    = {Pandurangan, Gopal and Robinson, Peter and Scquizzato, Michele},
  title     = {On the Distributed Complexity of Large-Scale Graph Computations},
  booktitle = {Proceedings of the 30th on Symposium on Parallelism in Algorithms and Architectures},
  pages     = {405--414},
  year      = {2018},
  doi       = {10.1145/3210377.3210409},
  source    = {Crossref},
  url       = {https://doi.org/10.1145/3210377.3210409},
  publisher = {ACM},
  month     = jul
}

@article{PRS21,
  author    = {Pandurangan, Gopal and Robinson, Peter and Scquizzato, Michele},
  title     = {On the Distributed Complexity of Large-Scale Graph Computations},
  journal   = {ACM Trans. Parallel Comput.},
  volume    = {8},
  number    = {2},
  pages     = {1--28},
  year      = {2021},
  publisher = {Association for Computing Machinery (ACM)},
  note      = {Conference version published in SPAA 2018},
  doi       = {10.1145/3460900},
  source    = {Crossref},
  url       = {https://doi.org/10.1145/3460900},
  issn      = {2329-4949, 2329-4957},
  month     = jun
}

@book{reza1961introduction,
  author    = {Reza, Fazlollah M},
  title     = {An introduction to information theory},
  year      = {1961},
  publisher = {Courier Corporation}
}

@article{rivin2001counting,
  author    = {Rivin, Igor},
  title     = {Counting cycles and finite dimensional Lp norms},
  journal   = {Adv. Appl. Math.},
  year      = {2002},
  doi       = {10.1016/s0196-8858(02)00037-4},
  number    = {4},
  source    = {Crossref},
  url       = {https://doi.org/10.1016/s0196-8858(02)00037-4},
  volume    = {29},
  publisher = {Elsevier BV},
  issn      = {0196-8858},
  pages     = {647--662},
  month     = nov
}

@article{RodlR94,
  author    = {Rödl, Vojtech and Ruciński, Andrzej},
  title     = {Random graphs with monochromatic triangles in every edge coloring},
  journal   = {Random Struct. Algor.},
  volume    = {5},
  number    = {2},
  pages     = {253--270},
  year      = {1994},
  doi       = {10.1002/rsa.3240050202},
  source    = {Crossref},
  url       = {https://doi.org/10.1002/rsa.3240050202},
  publisher = {Wiley},
  issn      = {1042-9832},
  month     = apr
}

@article{RR94,
  author    = {Rödl, Vojtech and Ruciński, Andrzej},
  title     = {Random graphs with monochromatic triangles in every edge coloring},
  journal   = {Random Struct. Algor.},
  volume    = {5},
  number    = {2},
  pages     = {253--270},
  year      = {1994},
  publisher = {Wiley},
  doi       = {10.1002/rsa.3240050202},
  source    = {Crossref},
  url       = {https://doi.org/10.1002/rsa.3240050202},
  issn      = {1042-9832},
  month     = apr
}

@book{S98,
  author    = {Scheideler, Christian},
  title     = {Universal Routing Strategies for Interconnection Networks},
  series    = {Lecture Notes in Computer Science},
  volume    = {1390},
  publisher = {Springer Berlin Heidelberg},
  year      = {1998},
  doi       = {10.1007/bfb0052928},
  source    = {Crossref},
  url       = {https://doi.org/10.1007/bfb0052928},
  issn      = {0302-9743, 1611-3349},
  isbn      = {9783540645054, 9783540697923}
}

@article{sicomp12,
  author    = {Sarma, Atish Das and Holzer, Stephan and Kor, Liah and Korman, Amos and Nanongkai, Danupon and Pandurangan, Gopal and Peleg, David and Wattenhofer, Roger},
  title     = {Distributed Verification and Hardness of Distributed Approximation},
  journal   = {SIAM J. Comput.},
  volume    = {41},
  number    = {5},
  year      = {2012},
  pages     = {1235--1265},
  doi       = {10.1137/11085178x},
  source    = {Crossref},
  url       = {https://doi.org/10.1137/11085178x},
  publisher = {Society for Industrial & Applied Mathematics (SIAM)},
  issn      = {0097-5397, 1095-7111},
  month     = jan
}

@misc{snap,
  author       = {Leskovec, Jure and Krevl, Andrej},
  title        = {{SNAP Datasets}: {Stanford} Large Network Dataset Collection},
  howpublished = {\url{http://snap.stanford.edu/data}},
  month        = jun,
  year         = {2014}
}

@inproceedings{soda-mapreduce,
  author    = {Karloff, Howard and Suri, Siddharth and Vassilvitskii, Sergei},
  title     = {A Model of Computation for {MapReduce}},
  booktitle = {Proceedings of the Twenty-First Annual ACM-SIAM Symposium on Discrete Algorithms},
  year      = {2010},
  pages     = {938--948},
  doi       = {10.1137/1.9781611973075.76},
  source    = {Crossref},
  url       = {https://doi.org/10.1137/1.9781611973075.76},
  publisher = {Society for Industrial and Applied Mathematics},
  month     = jan
}

@article{spaa12,
  author    = {Haeupler, Bernhard and Pandurangan, Gopal and Peleg, David and Rajaraman, Rajmohan and Sun, Zhifeng},
  title     = {Discovery Through Gossip},
  journal   = {Random Struct. Algor.},
  volume    = {48},
  number    = {3},
  pages     = {565--587},
  year      = {2016},
  doi       = {10.1002/rsa.20621},
  source    = {Crossref},
  url       = {https://doi.org/10.1002/rsa.20621},
  publisher = {Wiley},
  issn      = {1042-9832},
  month     = jan
}

@inproceedings{spidal,
  author     = {Qiu, Judy and Jha, Shantenu and Luckow, Andre and Fox, Geoffrey C.},
  title      = {Towards {HPC-ABDS}: {An} Initial High-performance Big Data Stack, in Building Robust Big data Ecosystem},
  boooktitle = {ISO/IEC JTC 1 Study Group on Big Data, San Diego Supercomputer Center, San Diego},
  year       = {2014}
}

@article{SSS95,
  author    = {Schmidt, Jeanette P. and Siegel, Alan and Srinivasan, Aravind},
  title     = {{Chernoff–Hoeffding} Bounds for Applications with Limited Independence},
  journal   = {SIAM J. Discrete Math.},
  volume    = {8},
  number    = {2},
  pages     = {223--250},
  year      = {1995},
  doi       = {10.1137/s089548019223872x},
  source    = {Crossref},
  url       = {https://doi.org/10.1137/s089548019223872x},
  publisher = {Society for Industrial & Applied Mathematics (SIAM)},
  issn      = {0895-4801, 1095-7146},
  month     = may
}

@inproceedings{stanton,
  author    = {Stanton, Isabelle and Kliot, Gabriel},
  title     = {Streaming graph partitioning for large distributed graphs},
  booktitle = {Proceedings of the 18th ACM SIGKDD international conference on Knowledge discovery and data mining - KDD '12},
  year      = {2012},
  pages     = {1222--1230},
  doi       = {10.1145/2339530.2339722},
  source    = {Crossref},
  url       = {https://doi.org/10.1145/2339530.2339722},
  publisher = {ACM Press}
}

@inproceedings{Stanton14,
  author    = {Stanton, Isabelle},
  title     = {Streaming Balanced Graph Partitioning Algorithms for Random Graphs},
  booktitle = {Proceedings of the Twenty-Fifth Annual ACM-SIAM Symposium on Discrete Algorithms},
  pages     = {1287--1301},
  year      = {2013},
  doi       = {10.1137/1.9781611973402.95},
  source    = {Crossref},
  url       = {https://doi.org/10.1137/1.9781611973402.95},
  publisher = {Society for Industrial and Applied Mathematics},
  month     = dec
}

@inproceedings{SuriS11,
  author    = {Suri, Siddharth and Vassilvitskii, Sergei},
  title     = {Counting triangles and the curse of the last reducer},
  booktitle = {Proceedings of the 20th international conference on World wide web - WWW '11},
  year      = {2011},
  pages     = {607--614},
  doi       = {10.1145/1963405.1963491},
  source    = {Crossref},
  url       = {https://doi.org/10.1145/1963405.1963491},
  publisher = {ACM Press}
}

@article{szemeredi,
  author  = {Ruzsa, Imre Z. and Szemer{\'e}di, Endre},
  title   = {Triple systems with no six points carrying three triangles},
  journal = {Combinatorics (Keszthely, 1976), Coll. Math. Soc. J. Bolyai},
  volume  = {18},
  pages   = {939--945},
  year    = {1978}
}

@article{Thurimella97,
  author    = {Thurimella, Ramakrishna},
  title     = {Sub-linear Distributed Algorithms for Sparse Certificates and Biconnected Components},
  journal   = {J. Algorithm.},
  volume    = {23},
  number    = {1},
  pages     = {160--179},
  year      = {1997},
  doi       = {10.1006/jagm.1996.0832},
  source    = {Crossref},
  url       = {https://doi.org/10.1006/jagm.1996.0832},
  publisher = {Elsevier BV},
  issn      = {0196-6774},
  month     = apr
}

@article{TianBCTM13,
  author    = {Tian, Yuanyuan and Balmin, Andrey and Corsten, Severin Andreas and Tatikonda, Shirish and McPherson, John},
  title     = {From "think like a vertex" to "think like a graph"},
  journal   = {Proceedings of the VLDB Endowment},
  volume    = {7},
  number    = {3},
  pages     = {193--204},
  year      = {2013},
  doi       = {10.14778/2732232.2732238},
  source    = {Crossref},
  url       = {https://doi.org/10.14778/2732232.2732238},
  publisher = {VLDB Endowment},
  issn      = {2150-8097},
  month     = nov
}

@article{tightbounds,
  author  = {Pandurangan, Gopal and Robinson, Peter and Scquizzato, Michele},
  title   = {Tight Bounds for Distributed Graph Computations},
  journal = {CoRR},
  volume  = {abs/1602.08481},
  year    = {2016},
  url     = {http://arxiv.org/abs/1602.08481}
}

@article{topc18,
  author  = {Pandurangan, Gopal and Robinson, Peter and Scquizzato, Michele},
  title   = {Fast Distributed Algorithms for Connectivity and {MST} in Large Graphs},
  journal = {ACM Transactions on Parallel Computing (TOPC)},
  volume  = {5},
  number  = {1},
  pages   = {4:1--4:22},
  year    = {2018},
  note    = {Conference version published in SPAA 2016}
}

@article{UW87,
  author     = {Upfal, Eli and Wigderson, Avi},
  title      = {How to share memory in a distributed system},
  journal    = {J. ACM},
  issue_date = {Jan. 1987},
  volume     = {34},
  number     = {1},
  month      = jan,
  year       = {1987},
  doi        = {10.1145/7531.7926},
  source     = {Crossref},
  url        = {https://doi.org/10.1145/7531.7926},
  publisher  = {Association for Computing Machinery (ACM)},
  issn       = {0004-5411, 1557-735X},
  pages      = {116--127}
}

@article{Valiant82,
  author    = {Valiant, L. G.},
  title     = {A Scheme for Fast Parallel Communication},
  journal   = {SIAM J. Comput.},
  volume    = {11},
  number    = {2},
  pages     = {350--361},
  year      = {1982},
  doi       = {10.1137/0211027},
  source    = {Crossref},
  url       = {https://doi.org/10.1137/0211027},
  publisher = {Society for Industrial & Applied Mathematics (SIAM)},
  issn      = {0097-5397, 1095-7111},
  month     = may
}

@article{WangZTT10,
  author    = {Wang, Nan and Zhang, Jingbo and Tan, Kian-Lee and Tung, Anthony K. H.},
  title     = {On triangulation-based dense neighborhood graph discovery},
  journal   = {Proceedings of the VLDB Endowment},
  volume    = {4},
  number    = {2},
  year      = {2010},
  pages     = {58--68},
  doi       = {10.14778/1921071.1921073},
  source    = {Crossref},
  url       = {https://doi.org/10.14778/1921071.1921073},
  publisher = {VLDB Endowment},
  issn      = {2150-8097},
  month     = nov
}

@book{wasserman,
  author    = {Wasserman, Stanley and Faust, Katherine},
  title     = {Social Network Analysis},
  publisher = {Cambridge University Press},
  year      = {1994},
  doi       = {10.1017/cbo9780511815478},
  source    = {Crossref},
  url       = {https://doi.org/10.1017/cbo9780511815478},
  subtitle  = {Methods and Applications},
  isbn      = {9780521387071, 9780521382694, 9780511815478},
  month     = nov
}

@article{WattsS98,
  author    = {Watts, Duncan J. and Strogatz, Steven H.},
  title     = {Collective dynamics of ‘small-world’ networks},
  journal   = {Nature},
  year      = {1998},
  pages     = {440--442},
  volume    = {393},
  doi       = {10.1038/30918},
  number    = {6684},
  source    = {Crossref},
  url       = {https://doi.org/10.1038/30918},
  publisher = {Springer Science and Business Media LLC},
  issn      = {0028-0836, 1476-4687},
  month     = jun
}

@article{woodruff,
  author    = {Woodruff, David P. and Zhang, Qin},
  title     = {When distributed computation is communication expensive},
  journal   = {Lect. Notes. Comput. Sc.},
  volume    = {30},
  number    = {5},
  year      = {2014},
  pages     = {309--323},
  doi       = {10.1007/s00446-014-0218-3},
  source    = {Crossref},
  url       = {https://doi.org/10.1007/s00446-014-0218-3},
  publisher = {Springer Science and Business Media LLC},
  issn      = {0178-2770, 1432-0452},
  month     = may
}
